<?xml version="1.0" encoding="UTF-8"?>
<!DOCTYPE html PUBLIC "-//W3C//DTD XHTML 1.0 Transitional//EN"
    "http://www.w3.org/TR/xhtml1/DTD/xhtml1-transitional.dtd">
<html xmlns="http://www.w3.org/1999/xhtml" xml:lang="en" lang="en">
 <head>
  <title>
</title>
<meta http-equiv="Content-Type" content="text/html;charset=utf-8" />
  <meta name='ocr-system' content='tesseract 3.04.00' />
  <meta name='ocr-capabilities' content='ocr_page ocr_carea ocr_par ocr_line ocrx_word'/>
</head>
<body>
  <div class='ocr_page' id='page_1' title='image "./lucernalucensal00kappgoog_0109.png"; bbox 0 0 3834 4749; ppageno 0'>
   <div class='ocr_carea' id='block_1_1' title="bbox 133 2611 609 2718">
    <p class='ocr_par' dir='ltr' id='par_1_1' title="bbox 133 2611 609 2718">
     <span class='ocr_line' id='line_1_1' title="bbox 133 2611 609 2718; baseline 0.004 -16"><span class='ocrx_word' id='word_1_1' title='bbox 133 2611 142 2620; x_wconf 25' lang='grc' dir='ltr'><strong><em>Ι</em></strong></span> <span class='ocrx_word' id='word_1_2' title='bbox 181 2645 208 2666; x_wconf 85' lang='grc'><em>·</em></span> <span class='ocrx_word' id='word_1_3' title='bbox 235 2711 244 2718; x_wconf 46' lang='lat'><em>,</em></span> <span class='ocrx_word' id='word_1_4' title='bbox 343 2652 609 2704; x_wconf 81' lang='lat' dir='ltr'>terunt.</span> 
     </span>
    </p>
   </div>
   <div class='ocr_carea' id='block_1_2' title="bbox 249 247 3252 2189">
    <p class='ocr_par' dir='ltr' id='par_1_2' title="bbox 1377 247 2283 366">
     <span class='ocr_line' id='line_1_2' title="bbox 1377 247 2283 366; baseline -0.004 0"><span class='ocrx_word' id='word_1_5' title='bbox 1377 247 1601 366; x_wconf 51' lang='lat' dir='ltr'>*effi</span> <span class='ocrx_word' id='word_1_6' title='bbox 1645 253 1952 364; x_wconf 75' lang='lat'>(105)</span> <span class='ocrx_word' id='word_1_7' title='bbox 2006 254 2231 364; x_wconf 49' lang='lat' dir='ltr'>&amp;it-3·-</span> <span class='ocrx_word' id='word_1_8' title='bbox 2274 264 2283 273; x_wconf 81' lang='grc'><strong>’</strong></span> 
     </span>
    </p>

    <p class='ocr_par' dir='ltr' id='par_1_3' title="bbox 249 380 3252 2189">
     <span class='ocr_line' id='line_1_3' title="bbox 419 380 3244 482; baseline -0.002 -22"><span class='ocrx_word' id='word_1_9' title='bbox 419 400 454 460; x_wconf 82' lang='lat' dir='ltr'>a</span> <span class='ocrx_word' id='word_1_10' title='bbox 475 381 842 482; x_wconf 75' lang='lat' dir='ltr'>adjuvante</span> <span class='ocrx_word' id='word_1_11' title='bbox 868 383 995 457; x_wconf 84' lang='lat' dir='ltr'>hac</span> <span class='ocrx_word' id='word_1_12' title='bbox 1021 381 1139 457; x_wconf 89' lang='lat' dir='ltr'>lite</span> <span class='ocrx_word' id='word_1_13' title='bbox 1169 380 1406 461; x_wconf 84' lang='lat' dir='ltr'>irretiri</span> <span class='ocrx_word' id='word_1_14' title='bbox 1444 382 1804 477; x_wconf 84' lang='lat' dir='ltr'>potuimus</span> <span class='ocrx_word' id='word_1_15' title='bbox 1839 409 1855 456; x_wconf 77' lang='lat' dir='ltr'><em>z</em></span> <span class='ocrx_word' id='word_1_16' title='bbox 1886 404 2045 461; x_wconf 85' lang='lat' dir='ltr'>nam</span> <span class='ocrx_word' id='word_1_17' title='bbox 2066 429 2087 465; x_wconf 71' lang='lat'><em>2</em></span> <span class='ocrx_word' id='word_1_18' title='bbox 2120 384 2166 459; x_wconf 84' lang='lat' dir='ltr'>fi</span> <span class='ocrx_word' id='word_1_19' title='bbox 2193 380 2316 458; x_wconf 83' lang='lat' dir='ltr'>aut</span> <span class='ocrx_word' id='word_1_20' title='bbox 2348 384 2435 457; x_wconf 90' lang='lat' dir='ltr'>de</span> <span class='ocrx_word' id='word_1_21' title='bbox 2458 386 2623 482; x_wconf 85' lang='lat' dir='ltr'>Jure</span> <span class='ocrx_word' id='word_1_22' title='bbox 2643 382 2989 465; x_wconf 91' lang='lat' dir='ltr'>Naturali,</span> <span class='ocrx_word' id='word_1_23' title='bbox 3008 388 3130 456; x_wconf 86' lang='lat' dir='ltr'>aut</span> <span class='ocrx_word' id='word_1_24' title='bbox 3155 399 3244 454; x_wconf 80' lang='lat' dir='ltr'>ex</span> 
     </span>
     <span class='ocr_line' id='line_1_4' title="bbox 342 474 3252 578; baseline -0.002 -23"><span class='ocrx_word' id='word_1_25' title='bbox 342 484 704 578; x_wconf 82' lang='lat' dir='ltr'>Privilegio</span> <span class='ocrx_word' id='word_1_26' title='bbox 745 478 847 553; x_wconf 88' lang='lat' dir='ltr'>uti</span> <span class='ocrx_word' id='word_1_27' title='bbox 871 481 997 551; x_wconf 86' lang='lat' dir='ltr'>hac</span> <span class='ocrx_word' id='word_1_28' title='bbox 1077 476 1364 565; x_wconf 80' lang='lat' dir='ltr'>otestate</span> <span class='ocrx_word' id='word_1_29' title='bbox 1393 501 1536 553; x_wconf 92' lang='lat' dir='ltr'>non</span> <span class='ocrx_word' id='word_1_30' title='bbox 1657 478 2051 565; x_wconf 84' lang='lat' dir='ltr'>tuiss‘cmus,</span> <span class='ocrx_word' id='word_1_31' title='bbox 2074 504 2197 555; x_wconf 90' lang='lat' dir='ltr'>nec</span> <span class='ocrx_word' id='word_1_32' title='bbox 2232 480 2607 577; x_wconf 85' lang='lat' dir='ltr'>Episcopus</span> <span class='ocrx_word' id='word_1_33' title='bbox 2638 474 2991 553; x_wconf 85' lang='lat' dir='ltr'>nobiscum</span> <span class='ocrx_word' id='word_1_34' title='bbox 3014 480 3252 551; x_wconf 86' lang='lat' dir='ltr'>decer·</span> 
     </span>
     <span class='ocr_line' id='line_1_5' title="bbox 343 570 3242 664; baseline -0.001 -16"><span class='ocrx_word' id='word_1_35' title='bbox 343 594 552 660; x_wconf 81' lang='lat' dir='ltr'>taret,</span> <span class='ocrx_word' id='word_1_36' title='bbox 577 586 702 649; x_wconf 83' lang='lat' dir='ltr'>nec</span> <span class='ocrx_word' id='word_1_37' title='bbox 729 595 857 647; x_wconf 86' lang='lat' dir='ltr'>nos</span> <span class='ocrx_word' id='word_1_38' title='bbox 889 576 974 647; x_wconf 89' lang='lat' dir='ltr'>de</span> <span class='ocrx_word' id='word_1_39' title='bbox 1071 596 1142 645; x_wconf 91' lang='lat' dir='ltr'>re</span> <span class='ocrx_word' id='word_1_40' title='bbox 1191 597 1229 646; x_wconf 87' lang='lat' dir='ltr'>c</span> <span class='ocrx_word' id='word_1_41' title='bbox 1270 574 1453 647; x_wconf 87' lang='lat' dir='ltr'>illius</span> <span class='ocrx_word' id='word_1_42' title='bbox 1484 595 1522 648; x_wconf 93' lang='lat' dir='ltr'>e</span> <span class='ocrx_word' id='word_1_43' title='bbox 1579 590 1958 657; x_wconf 87' lang='lat' dir='ltr'>emus,nec</span> <span class='ocrx_word' id='word_1_44' title='bbox 1985 578 2165 651; x_wconf 88' lang='lat' dir='ltr'>ullus</span> <span class='ocrx_word' id='word_1_45' title='bbox 2201 578 2512 651; x_wconf 83' lang='lat' dir='ltr'>Nuntius</span> <span class='ocrx_word' id='word_1_46' title='bbox 2548 597 2792 649; x_wconf 80' lang='lat' dir='ltr'>vexare</span> <span class='ocrx_word' id='word_1_47' title='bbox 2818 595 2950 646; x_wconf 87' lang='lat' dir='ltr'>nos</span> <span class='ocrx_word' id='word_1_48' title='bbox 2993 570 3242 664; x_wconf 76' lang='lat' dir='ltr'>posset:</span> 
     </span>
     <span class='ocr_line' id='line_1_6' title="bbox 355 668 3241 766; baseline -0.003 -21"><span class='ocrx_word' id='word_1_49' title='bbox 355 693 508 766; x_wconf 82' lang='lat' dir='ltr'>pars</span> <span class='ocrx_word' id='word_1_50' title='bbox 535 673 723 744; x_wconf 86' lang='lat' dir='ltr'>enim</span> <span class='ocrx_word' id='word_1_51' title='bbox 753 669 1134 744; x_wconf 73' lang='lat' dir='ltr'>maximae</span> <span class='ocrx_word' id='word_1_52' title='bbox 1163 671 1258 742; x_wconf 84' lang='lat' dir='ltr'>eri</span> <span class='ocrx_word' id='word_1_53' title='bbox 1282 671 1755 761; x_wconf 79' lang='lat' dir='ltr'>Superioribus</span> <span class='ocrx_word' id='word_1_54' title='bbox 1783 669 1914 746; x_wconf 87' lang='lat' dir='ltr'>suis</span> <span class='ocrx_word' id='word_1_55' title='bbox 1937 669 2390 749; x_wconf 73' lang='lat' dir='ltr'>Ecclesiasticis</span> <span class='ocrx_word' id='word_1_56' title='bbox 2408 669 2638 766; x_wconf 83' lang='lat' dir='ltr'>spretis</span> <span class='ocrx_word' id='word_1_57' title='bbox 2656 711 2681 748; x_wconf 67' lang='lat'><em>2</em></span> <span class='ocrx_word' id='word_1_58' title='bbox 2699 670 2897 745; x_wconf 89' lang='lat' dir='ltr'>omni</span> <span class='ocrx_word' id='word_1_59' title='bbox 2932 668 3241 760; x_wconf 89' lang='lat' dir='ltr'>punitio·</span> 
     </span>
     <span class='ocr_line' id='line_1_7' title="bbox 358 760 3240 859; baseline -0.003 -18"><span class='ocrx_word' id='word_1_60' title='bbox 358 767 467 841; x_wconf 87' lang='lat' dir='ltr'>nis</span> <span class='ocrx_word' id='word_1_61' title='bbox 497 771 743 840; x_wconf 86' lang='lat' dir='ltr'>timore</span> <span class='ocrx_word' id='word_1_62' title='bbox 769 762 1083 859; x_wconf 76' lang='lat' dir='ltr'>deposito</span> <span class='ocrx_word' id='word_1_63' title='bbox 1106 815 1127 845; x_wconf 90' lang='lat'>,</span> <span class='ocrx_word' id='word_1_64' title='bbox 1160 764 1348 839; x_wconf 85' lang='lat' dir='ltr'>viciis</span> <span class='ocrx_word' id='word_1_65' title='bbox 1376 766 1841 846; x_wconf 71' lang='lat' dir='ltr'>incitantibus,</span> <span class='ocrx_word' id='word_1_66' title='bbox 1868 767 2039 840; x_wconf 77' lang='lat' dir='ltr'>laxis</span> <span class='ocrx_word' id='word_1_67' title='bbox 2068 768 2349 841; x_wconf 81' lang='lat' dir='ltr'>habenis</span> <span class='ocrx_word' id='word_1_68' title='bbox 2380 770 2463 840; x_wconf 89' lang='lat' dir='ltr'>ad</span> <span class='ocrx_word' id='word_1_69' title='bbox 2498 764 2584 840; x_wconf 86' lang='lat' dir='ltr'>fic</span> <span class='ocrx_word' id='word_1_70' title='bbox 2611 766 2856 840; x_wconf 66' lang='lat' dir='ltr'>diciam</span> <span class='ocrx_word' id='word_1_71' title='bbox 2876 760 3240 835; x_wconf 83' lang='lat' dir='ltr'>Reforma-</span> 
     </span>
     <span class='ocr_line' id='line_1_8' title="bbox 341 859 3241 952; baseline -0.002 -16"><span class='ocrx_word' id='word_1_72' title='bbox 341 861 625 936; x_wconf 47' lang='lat' dir='ltr'>xtionem</span> <span class='ocrx_word' id='word_1_73' title='bbox 657 862 745 933; x_wconf 84' lang='lat' dir='ltr'>ad</span> <span class='ocrx_word' id='word_1_74' title='bbox 767 861 1164 952; x_wconf 85' lang='lat' dir='ltr'>exemplum</span> <span class='ocrx_word' id='word_1_75' title='bbox 1194 863 1398 932; x_wconf 84' lang='lat' dir='ltr'>etiarn</span> <span class='ocrx_word' id='word_1_76' title='bbox 1419 863 1701 933; x_wconf 81' lang='lat' dir='ltr'>Viciniae</span> <span class='ocrx_word' id='word_1_77' title='bbox 1732 859 2084 935; x_wconf 81' lang='lat' dir='ltr'>anhelabat</span> <span class='ocrx_word' id='word_1_78' title='bbox 2115 912 2137 943; x_wconf 91' lang='lat'>‚</span> <span class='ocrx_word' id='word_1_79' title='bbox 2178 862 2259 935; x_wconf 83' lang='lat'>&amp;</span> <span class='ocrx_word' id='word_1_80' title='bbox 2290 861 2524 936; x_wconf 64' lang='lat' dir='ltr'>astum</span> <span class='ocrx_word' id='word_1_81' title='bbox 2559 862 2643 936; x_wconf 90' lang='lat' dir='ltr'>de</span> <span class='ocrx_word' id='word_1_82' title='bbox 2671 863 2813 934; x_wconf 87' lang='lat' dir='ltr'>Reli</span> <span class='ocrx_word' id='word_1_83' title='bbox 2868 860 3029 931; x_wconf 87' lang='lat' dir='ltr'>ione</span> <span class='ocrx_word' id='word_1_84' title='bbox 3061 860 3241 930; x_wconf 85' lang='lat' dir='ltr'>anti·</span> 
     </span>
     <span class='ocr_line' id='line_1_9' title="bbox 249 952 3239 1054; baseline -0.001 -27"><span class='ocrx_word' id='word_1_85' title='bbox 249 962 254 969; x_wconf 88' lang='grc'><strong><em>’</em></strong></span> <span class='ocrx_word' id='word_1_86' title='bbox 356 978 519 1050; x_wconf 86' lang='lat' dir='ltr'>qua,</span> <span class='ocrx_word' id='word_1_87' title='bbox 537 979 724 1032; x_wconf 82' lang='lat' dir='ltr'>vcra,</span> <span class='ocrx_word' id='word_1_88' title='bbox 746 956 1103 1029; x_wconf 80' lang='lat' dir='ltr'>Catholica</span> <span class='ocrx_word' id='word_1_89' title='bbox 1128 952 1360 1029; x_wconf 81' lang='lat' dir='ltr'>fuiffet</span> <span class='ocrx_word' id='word_1_90' title='bbox 1391 958 1460 1028; x_wconf 90' lang='lat' dir='ltr'>in</span> <span class='ocrx_word' id='word_1_91' title='bbox 1489 956 1773 1028; x_wconf 86' lang='lat' dir='ltr'>Ditione</span> <span class='ocrx_word' id='word_1_92' title='bbox 1806 954 2055 1041; x_wconf 84' lang='lat' dir='ltr'>nostra,</span> <span class='ocrx_word' id='word_1_93' title='bbox 2073 958 2147 1029; x_wconf 90' lang='lat' dir='ltr'>ni</span> <span class='ocrx_word' id='word_1_94' title='bbox 2178 980 2298 1052; x_wconf 86' lang='lat' dir='ltr'>per</span> <span class='ocrx_word' id='word_1_95' title='bbox 2310 958 2490 1054; x_wconf 87' lang='lat' dir='ltr'>Juris</span> <span class='ocrx_word' id='word_1_96' title='bbox 2519 957 2724 1050; x_wconf 84' lang='lat' dir='ltr'>hujus</span> <span class='ocrx_word' id='word_1_97' title='bbox 2755 978 2800 1029; x_wconf 93' lang='lat' dir='ltr'>u</span> <span class='ocrx_word' id='word_1_98' title='bbox 2833 978 2952 1029; x_wconf 88' lang='lat' dir='ltr'>um</span> <span class='ocrx_word' id='word_1_99' title='bbox 2981 955 3239 1027; x_wconf 79' lang='lat' dir='ltr'>anima-</span> 
     </span>
     <span class='ocr_line' id='line_1_10' title="bbox 355 1048 3241 1147; baseline -0.002 -24"><span class='ocrx_word' id='word_1_100' title='bbox 355 1053 486 1124; x_wconf 84' lang='lat' dir='ltr'>bus</span> <span class='ocrx_word' id='word_1_101' title='bbox 515 1051 755 1126; x_wconf 85' lang='lat' dir='ltr'>nostris</span> <span class='ocrx_word' id='word_1_102' title='bbox 787 1104 808 1137; x_wconf 92' lang='lat'>,</span> <span class='ocrx_word' id='word_1_103' title='bbox 841 1048 1179 1147; x_wconf 87' lang='lat' dir='ltr'>Episcopo</span> <span class='ocrx_word' id='word_1_104' title='bbox 1198 1101 1218 1130; x_wconf 85' lang='lat'>,</span> <span class='ocrx_word' id='word_1_105' title='bbox 1248 1050 1321 1122; x_wconf 92' lang='lat' dir='ltr'>N</span> <span class='ocrx_word' id='word_1_106' title='bbox 1325 1052 1539 1124; x_wconf 83' lang='lat' dir='ltr'>untiis</span> <span class='ocrx_word' id='word_1_107' title='bbox 1560 1101 1583 1134; x_wconf 92' lang='lat'>,</span> <span class='ocrx_word' id='word_1_108' title='bbox 1609 1049 1863 1124; x_wconf 70' lang='lat' dir='ltr'>Romae‘</span> <span class='ocrx_word' id='word_1_109' title='bbox 1884 1071 2025 1126; x_wconf 84' lang='lat' dir='ltr'>tam</span> <span class='ocrx_word' id='word_1_110' title='bbox 2055 1050 2444 1146; x_wconf 87' lang='lat' dir='ltr'>proficuum</span> <span class='ocrx_word' id='word_1_111' title='bbox 2472 1098 2495 1136; x_wconf 85' lang='lat'>,</span> <span class='ocrx_word' id='word_1_112' title='bbox 2537 1055 2607 1126; x_wconf 89' lang='lat' dir='ltr'>in</span> <span class='ocrx_word' id='word_1_113' title='bbox 2637 1053 3081 1146; x_wconf 70' lang='lat' dir='ltr'>praecipitium</span> <span class='ocrx_word' id='word_1_114' title='bbox 3106 1048 3241 1139; x_wconf 79' lang='lat' dir='ltr'>jam</span> 
     </span>
     <span class='ocr_line' id='line_1_11' title="bbox 355 1140 3243 1244; baseline -0.001 -25"><span class='ocrx_word' id='word_1_115' title='bbox 355 1164 631 1221; x_wconf 83' lang='lat' dir='ltr'>ruentes</span> <span class='ocrx_word' id='word_1_116' title='bbox 660 1140 1177 1222; x_wconf 80' lang='lat' dir='ltr'>retinuiffemus.</span> <span class='ocrx_word' id='word_1_117' title='bbox 1224 1144 1667 1222; x_wconf 81' lang='lat' dir='ltr'>Retinuimus</span> <span class='ocrx_word' id='word_1_118' title='bbox 1693 1146 2307 1222; x_wconf 82' lang='lat' dir='ltr'>identidem&amp;ho&#39;e</span> <span class='ocrx_word' id='word_1_119' title='bbox 2323 1149 2447 1244; x_wconf 85' lang='lat' dir='ltr'>Jus</span> <span class='ocrx_word' id='word_1_120' title='bbox 2472 1147 2560 1221; x_wconf 89' lang='lat' dir='ltr'>ad</span> <span class='ocrx_word' id='word_1_121' title='bbox 2586 1150 2761 1222; x_wconf 83' lang='lat' dir='ltr'>hane</span> <span class='ocrx_word' id='word_1_122' title='bbox 2793 1146 3005 1241; x_wconf 87' lang='lat' dir='ltr'>usque</span> <span class='ocrx_word' id='word_1_123' title='bbox 3037 1146 3243 1222; x_wconf 86' lang='lat' dir='ltr'>diem,</span> 
     </span>
     <span class='ocr_line' id='line_1_12' title="bbox 358 1239 3241 1338; baseline -0.001 -25"><span class='ocrx_word' id='word_1_124' title='bbox 358 1244 435 1313; x_wconf 86' lang='lat' dir='ltr'>in</span> <span class='ocrx_word' id='word_1_125' title='bbox 461 1265 599 1336; x_wconf 88' lang='lat' dir='ltr'>qua</span> <span class='ocrx_word' id='word_1_126' title='bbox 627 1243 965 1315; x_wconf 87' lang='lat' dir='ltr'>hodierno</span> <span class='ocrx_word' id='word_1_127' title='bbox 999 1243 1275 1315; x_wconf 88' lang='lat' dir='ltr'>Nuntio</span> <span class='ocrx_word' id='word_1_128' title='bbox 1304 1243 1505 1314; x_wconf 69' lang='lat' dir='ltr'>verba</span> <span class='ocrx_word' id='word_1_129' title='bbox 1534 1239 2058 1315; x_wconf 84' lang='lat' dir='ltr'>Eminentiffimi</span> <span class='ocrx_word' id='word_1_130' title='bbox 2103 1240 2332 1315; x_wconf 82' lang='lat' dir='ltr'>D’Asti</span> <span class='ocrx_word' id='word_1_131' title='bbox 2375 1243 2673 1335; x_wconf 82' lang='lat' dir='ltr'>proferre</span> <span class='ocrx_word' id='word_1_132' title='bbox 2694 1262 2902 1338; x_wconf 82' lang='lat' dir='ltr'>grave</span> <span class='ocrx_word' id='word_1_133' title='bbox 2937 1239 3034 1314; x_wconf 86' lang='lat' dir='ltr'>est</span> <span class='ocrx_word' id='word_1_134' title='bbox 3062 1291 3081 1324; x_wconf 91' lang='lat'>,</span> <span class='ocrx_word' id='word_1_135' title='bbox 3129 1239 3241 1310; x_wconf 89' lang='lat' dir='ltr'>hic</span> 
     </span>
     <span class='ocr_line' id='line_1_13' title="bbox 358 1330 3248 1435; baseline -0.001 -27"><span class='ocrx_word' id='word_1_136' title='bbox 358 1341 548 1409; x_wconf 81' lang='lat' dir='ltr'>enim</span> <span class='ocrx_word' id='word_1_137' title='bbox 581 1330 1102 1433; x_wconf 64' lang='lat' dir='ltr'>tunc‘temporis</span> <span class='ocrx_word' id='word_1_138' title='bbox 1130 1338 1442 1419; x_wconf 75' lang='lat' dir='ltr'>Nuntius</span> <span class='ocrx_word' id='word_1_139' title='bbox 1477 1385 1498 1413; x_wconf 82' lang='lat'><strong>.</strong></span> <span class='ocrx_word' id='word_1_140' title='bbox 1537 1357 1702 1410; x_wconf 81' lang='lat' dir='ltr'>cum</span> <span class='ocrx_word' id='word_1_141' title='bbox 1722 1338 2053 1430; x_wconf 81' lang='lat' dir='ltr'>Deputati</span> <span class='ocrx_word' id='word_1_142' title='bbox 2081 1336 2360 1410; x_wconf 77' lang='lat' dir='ltr'>Senatus</span> <span class='ocrx_word' id='word_1_143' title='bbox 2387 1386 2409 1421; x_wconf 91' lang='lat'>,</span> <span class='ocrx_word' id='word_1_144' title='bbox 2442 1359 2748 1435; x_wconf 83' lang='lat' dir='ltr'>quorum</span> <span class='ocrx_word' id='word_1_145' title='bbox 2780 1337 2992 1429; x_wconf 82' lang='lat' dir='ltr'>aliqui</span> <span class='ocrx_word' id='word_1_146' title='bbox 3019 1334 3248 1406; x_wconf 86' lang='lat' dir='ltr'>adhuc</span> 
     </span>
     <span class='ocr_line' id='line_1_14' title="bbox 360 1431 3243 1526; baseline -0.002 -21"><span class='ocrx_word' id='word_1_147' title='bbox 360 1433 542 1508; x_wconf 87' lang='lat' dir='ltr'>inter</span> <span class='ocrx_word' id='word_1_148' title='bbox 571 1436 766 1503; x_wconf 88' lang='lat' dir='ltr'>vivos</span> <span class='ocrx_word' id='word_1_149' title='bbox 794 1433 980 1515; x_wconf 84' lang='lat' dir='ltr'>sunt,</span> <span class='ocrx_word' id='word_1_150' title='bbox 1011 1453 1174 1508; x_wconf 81' lang='lat' dir='ltr'>eum</span> <span class='ocrx_word' id='word_1_151' title='bbox 1205 1433 1697 1512; x_wconf 81' lang='lat' dir='ltr'>convenirent,</span> <span class='ocrx_word' id='word_1_152' title='bbox 1719 1433 2082 1525; x_wconf 76' lang='lat' dir='ltr'>postquam</span> <span class='ocrx_word' id='word_1_153' title='bbox 2118 1452 2472 1526; x_wconf 87' lang='lat' dir='ltr'>paternam</span> <span class='ocrx_word' id='word_1_154' title='bbox 2500 1431 2905 1506; x_wconf 70' lang='lat' dir='ltr'>Sanetissimi</span> <span class='ocrx_word' id='word_1_155' title='bbox 2940 1431 3243 1501; x_wconf 90' lang='lat' dir='ltr'>benevo-</span> 
     </span>
     <span class='ocr_line' id='line_1_15' title="bbox 358 1522 3244 1626; baseline -0.002 -26"><span class='ocrx_word' id='word_1_156' title='bbox 358 1522 649 1604; x_wconf 82' lang='lat' dir='ltr'>lentiam</span> <span class='ocrx_word' id='word_1_157' title='bbox 680 1530 753 1602; x_wconf 84' lang='lat'>&amp;</span> <span class='ocrx_word' id='word_1_158' title='bbox 778 1532 1070 1626; x_wconf 80' lang='lat' dir='ltr'>gratiam</span> <span class='ocrx_word' id='word_1_159' title='bbox 1098 1523 1517 1622; x_wconf 70' lang='lat' dir='ltr'>explicasset,</span> <span class='ocrx_word' id='word_1_160' title='bbox 1537 1549 1674 1599; x_wconf 87' lang='lat' dir='ltr'>non</span> <span class='ocrx_word' id='word_1_161' title='bbox 1702 1522 1971 1601; x_wconf 81' lang='lat' dir='ltr'>erubuit</span> <span class='ocrx_word' id='word_1_162' title='bbox 1994 1526 2248 1625; x_wconf 80' lang='lat' dir='ltr'>dicere,</span> <span class='ocrx_word' id='word_1_163' title='bbox 2268 1526 2339 1601; x_wconf 90' lang='lat' dir='ltr'>se</span> <span class='ocrx_word' id='word_1_164' title='bbox 2365 1524 2741 1621; x_wconf 81' lang='lat' dir='ltr'>expreffum</span> <span class='ocrx_word' id='word_1_165' title='bbox 2769 1527 3017 1601; x_wconf 81' lang='lat' dir='ltr'>habere</span> <span class='ocrx_word' id='word_1_166' title='bbox 3049 1543 3244 1594; x_wconf 88' lang='lat' dir='ltr'>man-</span> 
     </span>
     <span class='ocr_line' id='line_1_16' title="bbox 349 1620 3244 1711; baseline -0.001 -17"><span class='ocrx_word' id='word_1_167' title='bbox 349 1622 636 1711; x_wconf 75' lang='lat' dir='ltr'>datum,</span> <span class='ocrx_word' id='word_1_168' title='bbox 667 1624 1001 1699; x_wconf 81' lang='lat' dir='ltr'>Helvetos</span> <span class='ocrx_word' id='word_1_169' title='bbox 1031 1626 1102 1695; x_wconf 88' lang='lat' dir='ltr'>in</span> <span class='ocrx_word' id='word_1_170' title='bbox 1135 1621 1268 1695; x_wconf 86' lang='lat' dir='ltr'>suis</span> <span class='ocrx_word' id='word_1_171' title='bbox 1301 1621 1549 1697; x_wconf 77' lang='lat' dir='ltr'>Usibus</span> <span class='ocrx_word' id='word_1_172' title='bbox 1565 1622 1656 1703; x_wconf 67' lang='grc' dir='ltr'>β(</span> <span class='ocrx_word' id='word_1_173' title='bbox 1686 1621 2010 1698; x_wconf 78' lang='lat' dir='ltr'>Abusibus</span> <span class='ocrx_word' id='word_1_174' title='bbox 2047 1623 2496 1707; x_wconf 75' lang='lat' dir='ltr'>conservandi,</span> <span class='ocrx_word' id='word_1_175' title='bbox 2590 1625 2677 1697; x_wconf 88' lang='lat' dir='ltr'>Et</span> <span class='ocrx_word' id='word_1_176' title='bbox 2704 1624 2847 1694; x_wconf 80' lang='lat' dir='ltr'>haec</span> <span class='ocrx_word' id='word_1_177' title='bbox 2880 1620 2976 1692; x_wconf 87' lang='lat' dir='ltr'>est</span> <span class='ocrx_word' id='word_1_178' title='bbox 3005 1623 3244 1690; x_wconf 84' lang='lat' dir='ltr'>incon-</span> 
     </span>
     <span class='ocr_line' id='line_1_17' title="bbox 270 1712 3242 1823; baseline -0.002 -31"><span class='ocrx_word' id='word_1_179' title='bbox 270 1756 278 1765; x_wconf 84' lang='lat'>·</span> <span class='ocrx_word' id='word_1_180' title='bbox 353 1716 744 1794; x_wconf 79' lang='lat' dir='ltr'>traditibilis</span> <span class='ocrx_word' id='word_1_181' title='bbox 769 1719 882 1792; x_wconf 83' lang='lat' dir='ltr'>illa</span> <span class='ocrx_word' id='word_1_182' title='bbox 907 1717 1336 1815; x_wconf 69' lang='lat' dir='ltr'>praesumptio</span> <span class='ocrx_word' id='word_1_183' title='bbox 1366 1719 1450 1792; x_wconf 87' lang='lat' dir='ltr'>de</span> <span class='ocrx_word' id='word_1_184' title='bbox 1482 1719 1842 1809; x_wconf 84' lang='lat' dir='ltr'>Privilegio</span> <span class='ocrx_word' id='word_1_185' title='bbox 1874 1712 2071 1823; x_wconf 86' lang='lat' dir='ltr'>super</span> <span class='ocrx_word' id='word_1_186' title='bbox 2101 1719 2227 1790; x_wconf 87' lang='lat' dir='ltr'>hac</span> <span class='ocrx_word' id='word_1_187' title='bbox 2252 1717 2741 1794; x_wconf 77' lang='lat' dir='ltr'>consuetudine</span> <span class='ocrx_word' id='word_1_188' title='bbox 2763 1759 2789 1797; x_wconf 79' lang='lat'>‚</span> <span class='ocrx_word' id='word_1_189' title='bbox 2815 1716 2862 1790; x_wconf 79' lang='lat' dir='ltr'>si</span> <span class='ocrx_word' id='word_1_190' title='bbox 2888 1716 3071 1787; x_wconf 86' lang='lat' dir='ltr'>enim</span> <span class='ocrx_word' id='word_1_191' title='bbox 3103 1712 3242 1785; x_wconf 81' lang='lat' dir='ltr'>Pri-</span> 
     </span>
     <span class='ocr_line' id='line_1_18' title="bbox 355 1810 3240 1909; baseline -0.001 -21"><span class='ocrx_word' id='word_1_192' title='bbox 355 1818 693 1909; x_wconf 76' lang='lat' dir='ltr'>vilegium</span> <span class='ocrx_word' id='word_1_193' title='bbox 724 1816 861 1900; x_wconf 85' lang='lat' dir='ltr'>hoc</span> <span class='ocrx_word' id='word_1_194' title='bbox 886 1823 1027 1887; x_wconf 79' lang='lat' dir='ltr'>iion</span> <span class='ocrx_word' id='word_1_195' title='bbox 1065 1810 1561 1896; x_wconf 70' lang='lat' dir='ltr'>habuissemus,</span> <span class='ocrx_word' id='word_1_196' title='bbox 1582 1829 1695 1883; x_wconf 91' lang='lat' dir='ltr'>tot</span> <span class='ocrx_word' id='word_1_197' title='bbox 1723 1810 2020 1890; x_wconf 75' lang='lat' dir='ltr'>Nuntii,</span> <span class='ocrx_word' id='word_1_198' title='bbox 2049 1831 2190 1881; x_wconf 87' lang='lat' dir='ltr'>non</span> <span class='ocrx_word' id='word_1_199' title='bbox 2223 1816 2458 1888; x_wconf 87' lang='lat' dir='ltr'>minus</span> <span class='ocrx_word' id='word_1_200' title='bbox 2491 1816 2784 1887; x_wconf 78' lang='lat' dir='ltr'>zelantes</span> <span class='ocrx_word' id='word_1_201' title='bbox 2803 1855 2824 1885; x_wconf 73' lang='grc'><em>,</em></span> <span class='ocrx_word' id='word_1_202' title='bbox 2843 1811 3240 1906; x_wconf 68' lang='lat' dir='ltr'>prudentes,</span> 
     </span>
     <span class='ocr_line' id='line_1_19' title="bbox 344 1899 3239 2005; baseline -0.003 -22"><span class='ocrx_word' id='word_1_203' title='bbox 344 1910 409 1984; x_wconf 85' lang='lat' dir='ltr'>sa</span> <span class='ocrx_word' id='word_1_204' title='bbox 464 1933 632 1993; x_wconf 85' lang='lat' dir='ltr'>aces,</span> <span class='ocrx_word' id='word_1_205' title='bbox 650 1908 863 1989; x_wconf 66' lang='lat' dir='ltr'>dursti,</span> <span class='ocrx_word' id='word_1_206' title='bbox 886 1912 1095 2005; x_wconf 71' lang='lat' dir='ltr'>quam</span> <span class='ocrx_word' id='word_1_207' title='bbox 1126 1910 1515 1983; x_wconf 84' lang='lat' dir='ltr'>hodiernus,</span> <span class='ocrx_word' id='word_1_208' title='bbox 1541 1922 1647 1974; x_wconf 87' lang='lat' dir='ltr'>tot</span> <span class='ocrx_word' id='word_1_209' title='bbox 1676 1901 2011 1996; x_wconf 81' lang='lat' dir='ltr'>Episcopi,</span> <span class='ocrx_word' id='word_1_210' title='bbox 2041 1902 2154 1972; x_wconf 87' lang='lat' dir='ltr'>seu</span> <span class='ocrx_word' id='word_1_211' title='bbox 2189 1924 2440 1980; x_wconf 85' lang='lat' dir='ltr'>eorum</span> <span class='ocrx_word' id='word_1_212' title='bbox 2467 1906 2957 1989; x_wconf 74' lang='lat' dir='ltr'>commissarii,</span> <span class='ocrx_word' id='word_1_213' title='bbox 2983 1907 3068 1977; x_wconf 84' lang='lat' dir='ltr'>ad</span> <span class='ocrx_word' id='word_1_214' title='bbox 3099 1899 3239 1981; x_wconf 74' lang='lat' dir='ltr'>haec</span> 
     </span>
     <span class='ocr_line' id='line_1_20' title="bbox 348 1993 3240 2098; baseline -0.003 -23"><span class='ocrx_word' id='word_1_215' title='bbox 348 2027 397 2097; x_wconf 80' lang='lat' dir='ltr'>u</span> <span class='ocrx_word' id='word_1_216' title='bbox 428 2028 561 2098; x_wconf 85' lang='lat' dir='ltr'>que</span> <span class='ocrx_word' id='word_1_217' title='bbox 592 2026 911 2095; x_wconf 86' lang='lat' dir='ltr'>tempora</span> <span class='ocrx_word' id='word_1_218' title='bbox 944 2003 1121 2073; x_wconf 89' lang='lat' dir='ltr'>muti</span> <span class='ocrx_word' id='word_1_219' title='bbox 1163 2020 1309 2068; x_wconf 92' lang='lat' dir='ltr'>non</span> <span class='ocrx_word' id='word_1_220' title='bbox 1343 1993 1616 2071; x_wconf 79' lang='lat' dir='ltr'>fuissent</span> <span class='ocrx_word' id='word_1_221' title='bbox 1645 2049 1666 2080; x_wconf 88' lang='lat'>‚</span> <span class='ocrx_word' id='word_1_222' title='bbox 1695 2018 1860 2069; x_wconf 86' lang='lat' dir='ltr'>cum</span> <span class='ocrx_word' id='word_1_223' title='bbox 1895 1996 1991 2068; x_wconf 83' lang='lat' dir='ltr'>sat</span> <span class='ocrx_word' id='word_1_224' title='bbox 2023 1994 2287 2069; x_wconf 85' lang='lat' dir='ltr'>constet</span> <span class='ocrx_word' id='word_1_225' title='bbox 2317 2034 2341 2073; x_wconf 66' lang='lat'><em>2</em></span> <span class='ocrx_word' id='word_1_226' title='bbox 2378 2020 2498 2070; x_wconf 87' lang='lat' dir='ltr'>eos</span> <span class='ocrx_word' id='word_1_227' title='bbox 2532 2007 2617 2072; x_wconf 80' lang='lat' dir='ltr'>ad</span> <span class='ocrx_word' id='word_1_228' title='bbox 2653 2002 3075 2094; x_wconf 78' lang='lat' dir='ltr'>ampliandas</span> <span class='ocrx_word' id='word_1_229' title='bbox 3111 2001 3240 2070; x_wconf 88' lang='lat' dir='ltr'>im·</span> 
     </span>
     <span class='ocr_line' id='line_1_21' title="bbox 351 2089 3247 2189; baseline -0.001 -21"><span class='ocrx_word' id='word_1_230' title='bbox 351 2100 727 2168; x_wconf 79' lang='lat' dir='ltr'>munitates</span> <span class='ocrx_word' id='word_1_231' title='bbox 754 2097 837 2165; x_wconf 89' lang='lat' dir='ltr'>ad</span> <span class='ocrx_word' id='word_1_232' title='bbox 864 2093 1229 2166; x_wconf 85' lang='lat' dir='ltr'>Laicorum</span> <span class='ocrx_word' id='word_1_233' title='bbox 1257 2090 1623 2189; x_wconf 82' lang='lat' dir='ltr'>pernitiem</span> <span class='ocrx_word' id='word_1_234' title='bbox 1655 2089 2189 2188; x_wconf 79' lang='lat' dir='ltr'>vigilantiffimos</span> <span class='ocrx_word' id='word_1_235' title='bbox 2206 2142 2231 2177; x_wconf 94' lang='lat'>,</span> <span class='ocrx_word' id='word_1_236' title='bbox 2257 2109 2335 2167; x_wconf 84' lang='lat' dir='ltr'>ut</span> <span class='ocrx_word' id='word_1_237' title='bbox 2361 2093 2549 2168; x_wconf 86' lang='lat' dir='ltr'>casus</span> <span class='ocrx_word' id='word_1_238' title='bbox 2581 2096 3058 2187; x_wconf 79' lang='lat' dir='ltr'>praesentaneus</span> <span class='ocrx_word' id='word_1_239' title='bbox 3086 2096 3247 2183; x_wconf 68' lang='lat' dir='ltr'>plus</span> 
     </span>
    </p>
   </div>
   <div class='ocr_carea' id='block_1_3' title="bbox 269 2186 3291 2636">
    <p class='ocr_par' dir='ltr' id='par_1_4' title="bbox 269 2186 3291 2636">
     <span class='ocr_line' id='line_1_22' title="bbox 350 2186 1886 2287; baseline -0.002 -24"><span class='ocrx_word' id='word_1_240' title='bbox 350 2186 535 2283; x_wconf 83' lang='lat' dir='ltr'>justo</span> <span class='ocrx_word' id='word_1_241' title='bbox 565 2188 831 2285; x_wconf 82' lang='lat' dir='ltr'>probat·</span> <span class='ocrx_word' id='word_1_242' title='bbox 1881 2278 1886 2287; x_wconf 31' lang='grc' dir='ltr'>Ι</span> 
     </span>
     <span class='ocr_line' id='line_1_23' title="bbox 983 2295 2705 2437; baseline 0.003 -41"><span class='ocrx_word' id='word_1_243' title='bbox 983 2389 996 2396; x_wconf 89' lang='grc'>-</span> <span class='ocrx_word' id='word_1_244' title='bbox 1246 2305 1529 2400; x_wconf 80' lang='lat' dir='ltr'>Soluti&#39;o</span> <span class='ocrx_word' id='word_1_245' title='bbox 1563 2312 1990 2437; x_wconf 78' lang='lat' dir='ltr'>Qaestiom’s</span> <span class='ocrx_word' id='word_1_246' title='bbox 2028 2307 2318 2401; x_wconf 74' lang='lat' dir='ltr'>Tertiae.</span> <span class='ocrx_word' id='word_1_247' title='bbox 2687 2295 2705 2343; x_wconf 85' lang='lat'><strong><em>¹</em></strong></span> 
     </span>
     <span class='ocr_line' id='line_1_24' title="bbox 541 2433 3291 2536; baseline -0.003 -21"><span class='ocrx_word' id='word_1_248' title='bbox 541 2437 950 2517; x_wconf 87' lang='lat' dir='ltr'>Reservatur</span> <span class='ocrx_word' id='word_1_249' title='bbox 979 2441 1272 2514; x_wconf 83' lang='lat' dir='ltr'>Summo</span> <span class='ocrx_word' id='word_1_250' title='bbox 1308 2438 1649 2521; x_wconf 84' lang='lat' dir='ltr'>Pontifici,</span> <span class='ocrx_word' id='word_1_251' title='bbox 1680 2441 1875 2534; x_wconf 86' lang='lat' dir='ltr'>cujus</span> <span class='ocrx_word' id='word_1_252' title='bbox 1903 2445 2160 2536; x_wconf 83' lang='lat' dir='ltr'>judicio</span> <span class='ocrx_word' id='word_1_253' title='bbox 2192 2466 2340 2518; x_wconf 86' lang='lat' dir='ltr'>eam</span> <span class='ocrx_word' id='word_1_254' title='bbox 2368 2443 2638 2522; x_wconf 83' lang='lat' dir='ltr'>Praetor,</span> <span class='ocrx_word' id='word_1_255' title='bbox 2668 2433 3239 2513; x_wconf 72' lang='lat' dir='ltr'>Senatus&amp;Cen-</span> <span class='ocrx_word' id='word_1_256' title='bbox 3286 2513 3291 2522; x_wconf 63' lang='grc'><strong>,</strong></span> 
     </span>
     <span class='ocr_line' id='line_1_25' title="bbox 269 2531 3239 2636; baseline -0.003 -26"><span class='ocrx_word' id='word_1_257' title='bbox 269 2545 274 2554; x_wconf 90' lang='grc'><strong>“</strong></span> <span class='ocrx_word' id='word_1_258' title='bbox 354 2555 510 2611; x_wconf 81' lang='lat' dir='ltr'>tum</span> <span class='ocrx_word' id='word_1_259' title='bbox 545 2543 693 2612; x_wconf 86' lang='lat' dir='ltr'>Viri</span> <span class='ocrx_word' id='word_1_260' title='bbox 721 2541 1176 2614; x_wconf 78' lang='lat' dir='ltr'>Lucernences</span> <span class='ocrx_word' id='word_1_261' title='bbox 1207 2538 1282 2614; x_wconf 89' lang='lat' dir='ltr'>in</span> <span class='ocrx_word' id='word_1_262' title='bbox 1329 2536 1510 2612; x_wconf 86' lang='lat' dir='ltr'>datis</span> <span class='ocrx_word' id='word_1_263' title='bbox 1532 2535 1654 2609; x_wconf 93' lang='lat' dir='ltr'>sub</span> <span class='ocrx_word' id='word_1_264' title='bbox 1690 2542 2121 2636; x_wconf 80' lang='lat' dir='ltr'>25.Januarij</span> <span class='ocrx_word' id='word_1_265' title='bbox 2160 2540 2346 2613; x_wconf 77' lang='lat' dir='ltr'>Anni</span> <span class='ocrx_word' id='word_1_266' title='bbox 2386 2538 2719 2612; x_wconf 80' lang='lat' dir='ltr'>currentis</span> <span class='ocrx_word' id='word_1_267' title='bbox 2755 2536 2994 2610; x_wconf 80' lang='lat' dir='ltr'>litteris</span> <span class='ocrx_word' id='word_1_268' title='bbox 3024 2531 3239 2627; x_wconf 83' lang='lat' dir='ltr'>subje-</span> 
     </span>
    </p>
   </div>
   <div class='ocr_carea' id='block_1_4' title="bbox 351 2736 3249 3126">
    <p class='ocr_par' dir='ltr' id='par_1_5' title="bbox 351 2736 3249 3126">
     <span class='ocr_line' id='line_1_26' title="bbox 549 2736 3249 2844; baseline -0.001 -26"><span class='ocrx_word' id='word_1_269' title='bbox 549 2750 829 2820; x_wconf 81' lang='lat' dir='ltr'>Intcrim</span> <span class='ocrx_word' id='word_1_270' title='bbox 864 2754 1159 2842; x_wconf 83' lang='lat' dir='ltr'>primarii</span> <span class='ocrx_word' id='word_1_271' title='bbox 1189 2752 1547 2844; x_wconf 85' lang='lat' dir='ltr'>Helvetico</span> <span class='ocrx_word' id='word_1_272' title='bbox 1575 2753 1924 2829; x_wconf 86' lang='lat' dir='ltr'>Catholici</span> <span class='ocrx_word' id='word_1_273' title='bbox 1954 2750 2291 2824; x_wconf 83' lang='lat' dir='ltr'>Cantonis</span> <span class='ocrx_word' id='word_1_274' title='bbox 2321 2744 2723 2818; x_wconf 87' lang='lat' dir='ltr'>Reverentia</span> <span class='ocrx_word' id='word_1_275' title='bbox 2742 2763 2895 2835; x_wconf 81' lang='lat' dir='ltr'>erga</span> <span class='ocrx_word' id='word_1_276' title='bbox 2911 2736 3249 2814; x_wconf 61' lang='lat' dir='ltr'>Sanctam</span> 
     </span>
     <span class='ocr_line' id='line_1_27' title="bbox 356 2829 3239 2940; baseline 0.001 -27"><span class='ocrx_word' id='word_1_277' title='bbox 356 2839 595 2913; x_wconf 82' lang='lat' dir='ltr'>Sedem</span> <span class='ocrx_word' id='word_1_278' title='bbox 618 2841 1074 2936; x_wconf 82' lang='lat' dir='ltr'>Apostolicam</span> <span class='ocrx_word' id='word_1_279' title='bbox 1097 2847 1274 2918; x_wconf 65' lang='lat' dir='ltr'>clare</span> <span class='ocrx_word' id='word_1_280' title='bbox 1298 2851 1548 2938; x_wconf 75' lang='lat' dir='ltr'>elucet,</span> <span class='ocrx_word' id='word_1_281' title='bbox 1580 2851 1701 2940; x_wconf 86' lang='lat' dir='ltr'>qui</span> <span class='ocrx_word' id='word_1_282' title='bbox 1732 2846 1914 2917; x_wconf 73' lang='lat' dir='ltr'>forte</span> <span class='ocrx_word' id='word_1_283' title='bbox 1938 2841 2266 2933; x_wconf 86' lang='lat' dir='ltr'>‘tantisper</span> <span class='ocrx_word' id='word_1_284' title='bbox 2299 2838 2595 2933; x_wconf 79' lang='lat' dir='ltr'>longiori</span> <span class='ocrx_word' id='word_1_285' title='bbox 2626 2833 2817 2932; x_wconf 78' lang='lat' dir='ltr'>paffu</span> <span class='ocrx_word' id='word_1_286' title='bbox 2851 2829 3239 2929; x_wconf 61' lang='lat' dir='ltr'>progreffus</span> 
     </span>
     <span class='ocr_line' id='line_1_28' title="bbox 353 2923 3234 3036; baseline -0.001 -30"><span class='ocrx_word' id='word_1_287' title='bbox 353 2937 439 3010; x_wconf 87' lang='lat' dir='ltr'>ad</span> <span class='ocrx_word' id='word_1_288' title='bbox 474 2937 761 3030; x_wconf 83' lang='lat' dir='ltr'>primam</span> <span class='ocrx_word' id='word_1_289' title='bbox 795 2939 1349 3014; x_wconf 84' lang='lat' dir='ltr'>admonitionem</span> <span class='ocrx_word' id='word_1_290' title='bbox 1384 2923 1788 3019; x_wconf 69' lang='lat' dir='ltr'>Sanfflssimi</span> <span class='ocrx_word' id='word_1_291' title='bbox 1826 2937 1891 3011; x_wconf 87' lang='lat' dir='ltr'>se</span> <span class='ocrx_word' id='word_1_292' title='bbox 1922 2936 2170 3036; x_wconf 84' lang='lat' dir='ltr'>recepit</span> <span class='ocrx_word' id='word_1_293' title='bbox 2204 2986 2247 3021; x_wconf 60' lang='grc'>,,</span> <span class='ocrx_word' id='word_1_294' title='bbox 2276 2932 2350 3006; x_wconf 85' lang='lat'>&amp;</span> <span class='ocrx_word' id='word_1_295' title='bbox 2394 2934 2689 3011; x_wconf 80' lang='lat' dir='ltr'>Summo</span> <span class='ocrx_word' id='word_1_296' title='bbox 2722 2926 3038 3016; x_wconf 79' lang='lat' dir='ltr'>Pontifici</span> <span class='ocrx_word' id='word_1_297' title='bbox 3068 2932 3234 3002; x_wconf 84' lang='lat' dir='ltr'>obe·-</span> 
     </span>
     <span class='ocr_line' id='line_1_29' title="bbox 351 3028 3040 3126; baseline 0.006 -22"><span class='ocrx_word' id='word_1_298' title='bbox 351 3032 680 3104; x_wconf 76' lang='lat' dir='ltr'>dientiam</span> <span class='ocrx_word' id='word_1_299' title='bbox 705 3028 894 3104; x_wconf 80' lang='lat' dir='ltr'>suam</span> <span class='ocrx_word' id='word_1_300' title='bbox 921 3033 1270 3106; x_wconf 74' lang='lat' dir='ltr'>manifeste</span> <span class='ocrx_word' id='word_1_301' title='bbox 1302 3037 1626 3126; x_wconf 65' lang='lat' dir='ltr'>exhibuit.</span> <span class='ocrx_word' id='word_1_302' title='bbox 2302 3053 2305 3058; x_wconf 56' lang='lat'><strong>⁴</strong></span> <span class='ocrx_word' id='word_1_303' title='bbox 3036 3042 3040 3047; x_wconf 68' lang='grc'><strong><em>’</em></strong></span> 
     </span>
    </p>
   </div>
   <div class='ocr_carea' id='block_1_5' title="bbox 289 3146 3287 4114">
    <p class='ocr_par' dir='ltr' id='par_1_6' title="bbox 289 3146 3238 3637">
     <span class='ocr_line' id='line_1_30' title="bbox 542 3146 3237 3263; baseline -0 -37"><span class='ocrx_word' id='word_1_304' title='bbox 542 3154 613 3226; x_wconf 87' lang='lat' dir='ltr'>Si</span> <span class='ocrx_word' id='word_1_305' title='bbox 659 3169 890 3263; x_wconf 68' lang='lat' dir='ltr'>autem</span> <span class='ocrx_word' id='word_1_306' title='bbox 924 3152 1158 3263; x_wconf 32' lang='lat' dir='ltr'>&#39;passus</span> <span class='ocrx_word' id='word_1_307' title='bbox 1189 3146 1301 3229; x_wconf 82' lang='lat' dir='ltr'>ille</span> <span class='ocrx_word' id='word_1_308' title='bbox 1339 3210 1359 3241; x_wconf 93' lang='lat'>,</span> <span class='ocrx_word' id='word_1_309' title='bbox 1408 3181 1564 3254; x_wconf 83' lang='lat' dir='ltr'>quo</span> <span class='ocrx_word' id='word_1_310' title='bbox 1590 3151 2100 3234; x_wconf 72' lang='lat' dir='ltr'>communitati</span> <span class='ocrx_word' id='word_1_311' title='bbox 2142 3155 2786 3261; x_wconf 79' lang='lat' dir='ltr'>Udlingenschvveil</span> <span class='ocrx_word' id='word_1_312' title='bbox 2816 3151 3237 3232; x_wconf 64' lang='lat' dir='ltr'>eleale-&gt;nens</span> 
     </span>
     <span class='ocr_line' id='line_1_31' title="bbox 289 3249 3238 3355; baseline -0.002 -32"><span class='ocrx_word' id='word_1_313' title='bbox 289 3249 298 3266; x_wconf 78' lang='lat'><em>&#39;</em></span> <span class='ocrx_word' id='word_1_314' title='bbox 348 3251 520 3323; x_wconf 85' lang='lat' dir='ltr'>novi</span> <span class='ocrx_word' id='word_1_315' title='bbox 542 3249 814 3321; x_wconf 79' lang='lat' dir='ltr'>Parochi</span> <span class='ocrx_word' id='word_1_316' title='bbox 845 3252 1180 3340; x_wconf 73' lang='lat' dir='ltr'>injunxit,</span> <span class='ocrx_word' id='word_1_317' title='bbox 1214 3253 1532 3346; x_wconf 81' lang='lat' dir='ltr'>longior,</span> <span class='ocrx_word' id='word_1_318' title='bbox 1566 3255 1777 3349; x_wconf 69' lang='lat' dir='ltr'>quam</span> <span class='ocrx_word' id='word_1_319' title='bbox 1808 3258 2044 3331; x_wconf 86' lang='lat' dir='ltr'>debuit</span> <span class='ocrx_word' id='word_1_320' title='bbox 2070 3309 2092 3342; x_wconf 92' lang='lat'>,</span> <span class='ocrx_word' id='word_1_321' title='bbox 2120 3258 2255 3334; x_wconf 82' lang='lat' dir='ltr'>fuit</span> <span class='ocrx_word' id='word_1_322' title='bbox 2274 3314 2296 3344; x_wconf 91' lang='lat'>,</span> <span class='ocrx_word' id='word_1_323' title='bbox 2325 3281 2683 3355; x_wconf 83' lang='lat' dir='ltr'>nunquam</span> <span class='ocrx_word' id='word_1_324' title='bbox 2717 3262 2851 3330; x_wconf 85' lang='lat' dir='ltr'>hoc</span> <span class='ocrx_word' id='word_1_325' title='bbox 2881 3275 2963 3326; x_wconf 83' lang='lat' dir='ltr'>ex</span> <span class='ocrx_word' id='word_1_326' title='bbox 2990 3250 3238 3325; x_wconf 86' lang='lat' dir='ltr'>animo</span> 
     </span>
     <span class='ocr_line' id='line_1_32' title="bbox 339 3340 3231 3455; baseline -0.001 -41"><span class='ocrx_word' id='word_1_327' title='bbox 339 3346 677 3455; x_wconf 62' lang='lat' dir='ltr'>,clavium</span> <span class='ocrx_word' id='word_1_328' title='bbox 712 3343 1118 3440; x_wconf 85' lang='lat' dir='ltr'>potestatem</span> <span class='ocrx_word' id='word_1_329' title='bbox 1155 3340 1550 3423; x_wconf 80' lang='lat' dir='ltr'>offendendi</span> <span class='ocrx_word' id='word_1_330' title='bbox 1580 3402 1603 3434; x_wconf 87' lang='lat'>,</span> <span class='ocrx_word' id='word_1_331' title='bbox 1648 3347 1760 3423; x_wconf 86' lang='lat' dir='ltr'>sed</span> <span class='ocrx_word' id='word_1_332' title='bbox 1789 3373 1875 3423; x_wconf 83' lang='lat' dir='ltr'>ex</span> <span class='ocrx_word' id='word_1_333' title='bbox 1908 3351 2346 3430; x_wconf 78' lang='lat' dir='ltr'>solicitudine</span> <span class='ocrx_word' id='word_1_334' title='bbox 2366 3355 2800 3430; x_wconf 85' lang='lat' dir='ltr'>subditorum</span> <span class='ocrx_word' id='word_1_335' title='bbox 2833 3347 3030 3419; x_wconf 81' lang='lat' dir='ltr'>saluti</span> <span class='ocrx_word' id='word_1_336' title='bbox 3063 3360 3231 3437; x_wconf 86' lang='lat' dir='ltr'>pro·-</span> 
     </span>
     <span class='ocr_line' id='line_1_33' title="bbox 343 3433 3236 3544; baseline 0.001 -33"><span class='ocrx_word' id='word_1_337' title='bbox 343 3439 1096 3532; x_wconf 68' lang='lat' dir='ltr'>metendi-promanavit.</span> <span class='ocrx_word' id='word_1_338' title='bbox 1147 3441 1326 3513; x_wconf 82' lang='lat' dir='ltr'>Sunt</span> <span class='ocrx_word' id='word_1_339' title='bbox 1352 3442 1425 3515; x_wconf 77' lang='grc' dir='ltr'>δι</span> <span class='ocrx_word' id='word_1_340' title='bbox 1441 3445 1581 3519; x_wconf 81' lang='lat' dir='ltr'>aliae</span> <span class='ocrx_word' id='word_1_341' title='bbox 1608 3440 1792 3542; x_wconf 82' lang='lat' dir='ltr'>justae</span> <span class='ocrx_word' id='word_1_342' title='bbox 1818 3450 2152 3526; x_wconf 78' lang='lat' dir='ltr'>rationes:</span> <span class='ocrx_word' id='word_1_343' title='bbox 2183 3452 2423 3526; x_wconf 84' lang='lat' dir='ltr'>Primo</span> <span class='ocrx_word' id='word_1_344' title='bbox 2440 3447 2637 3544; x_wconf 91' lang='lat' dir='ltr'>quod</span> <span class='ocrx_word' id='word_1_345' title='bbox 2656 3459 2931 3540; x_wconf 75' lang='lat' dir='ltr'>propter</span> <span class='ocrx_word' id='word_1_346' title='bbox 2946 3433 3236 3512; x_wconf 58' lang='lat' dir='ltr'>infra&amp;</span> 
     </span>
     <span class='ocr_line' id='line_1_34' title="bbox 348 3533 3234 3637; baseline 0.001 -34"><span class='ocrx_word' id='word_1_347' title='bbox 348 3536 434 3603; x_wconf 84' lang='lat' dir='ltr'>ab</span> <span class='ocrx_word' id='word_1_348' title='bbox 461 3533 802 3608; x_wconf 83' lang='lat' dir='ltr'>obstinato</span> <span class='ocrx_word' id='word_1_349' title='bbox 819 3534 1121 3607; x_wconf 85' lang='lat' dir='ltr'>Parocho</span> <span class='ocrx_word' id='word_1_350' title='bbox 1141 3539 1337 3634; x_wconf 80' lang='lat' dir='ltr'>Jura‚</span> <span class='ocrx_word' id='word_1_351' title='bbox 1354 3558 1632 3634; x_wconf 79' lang='lat' dir='ltr'>propter</span> <span class='ocrx_word' id='word_1_352' title='bbox 1660 3544 2105 3637; x_wconf 80' lang='lat' dir='ltr'>approbatam</span> <span class='ocrx_word' id='word_1_353' title='bbox 2126 3539 2670 3622; x_wconf 58' lang='lat' dir='ltr'>{commissario</span> <span class='ocrx_word' id='word_1_354' title='bbox 2700 3535 3234 3633; x_wconf 80' lang='lat' dir='ltr'>usurpationem,</span> 
     </span>
    </p>

    <p class='ocr_par' dir='ltr' id='par_1_7' title="bbox 335 3619 3287 4114">
     <span class='ocr_line' id='line_1_35' title="bbox 346 3619 3287 3748; baseline 0 -52"><span class='ocrx_word' id='word_1_355' title='bbox 346 3645 618 3738; x_wconf 82' lang='lat' dir='ltr'>propter</span> <span class='ocrx_word' id='word_1_356' title='bbox 648 3629 1095 3739; x_wconf 76' lang='lat' dir='ltr'>vilipendium</span> <span class='ocrx_word' id='word_1_357' title='bbox 1126 3635 1567 3746; x_wconf 56' lang='lat' dir='ltr'>abambobus</span> <span class='ocrx_word' id='word_1_358' title='bbox 1599 3637 2322 3748; x_wconf 74' lang='lat' dir='ltr'>exhibitum,propter</span> <span class='ocrx_word' id='word_1_359' title='bbox 2351 3656 2467 3712; x_wconf 83' lang='lat' dir='ltr'>tot</span> <span class='ocrx_word' id='word_1_360' title='bbox 2502 3635 2844 3748; x_wconf 55' lang='lat' dir='ltr'>&amp;Nuntio</span> <span class='ocrx_word' id='word_1_361' title='bbox 2884 3625 3233 3744; x_wconf 76' lang='lat' dir='ltr'>Apostoli-</span> <span class='ocrx_word' id='word_1_362' title='bbox 3276 3619 3287 3648; x_wconf 68' lang='lat'>¹</span> 
     </span>
     <span class='ocr_line' id='line_1_36' title="bbox 335 3719 3239 3921; baseline 0.001 -37"><span class='ocrx_word' id='word_1_363' title='bbox 335 3719 2618 3919; x_wconf 48' lang='lat' dir='ltr'>{131352132‘33023&#39;5153‘3833zzffssfzsstffiinssztzfflzffig2¹3¹&amp;ss</span> <span class='ocrx_word' id='word_1_364' title='bbox 2652 3726 3239 3921; x_wconf 52' lang='grc' dir='ltr'>Ὓέιξὲἰῗᾛὲἑ</span> 
     </span>
     <span class='ocr_line' id='line_1_37' title="bbox 336 3909 3246 4114; baseline 0.001 -117"><span class='ocrx_word' id='word_1_365' title='bbox 336 3910 527 4034; x_wconf 43' lang='lat' dir='ltr'>Qud&amp;</span> <span class='ocrx_word' id='word_1_366' title='bbox 550 3909 768 3987; x_wconf 71' lang='lat' dir='ltr'>Barmi</span> <span class='ocrx_word' id='word_1_367' title='bbox 805 3911 1318 4013; x_wconf 69' lang='lat' dir='ltr'>abrbgationem</span> <span class='ocrx_word' id='word_1_368' title='bbox 1345 3920 1421 4022; x_wconf 75' lang='grc' dir='ltr'>ὃς</span> <span class='ocrx_word' id='word_1_369' title='bbox 1444 3921 1730 4004; x_wconf 71' lang='lat' dir='ltr'>Parochi</span> <span class='ocrx_word' id='word_1_370' title='bbox 1764 3925 2275 4114; x_wconf 61' lang='lat' dir='ltr'>rgiitutionem</span> <span class='ocrx_word' id='word_1_371' title='bbox 2301 3924 2625 4022; x_wconf 74' lang='lat' dir='ltr'>inauditis</span> <span class='ocrx_word' id='word_1_372' title='bbox 2653 3918 2979 4020; x_wconf 83' lang='lat' dir='ltr'>imposuit</span> <span class='ocrx_word' id='word_1_373' title='bbox 3014 3968 3034 3999; x_wconf 80' lang='lat'>‚</span> <span class='ocrx_word' id='word_1_374' title='bbox 3084 3913 3246 4007; x_wconf 83' lang='lat' dir='ltr'>quie</span> 
     </span>
    </p>
   </div>
   <div class='ocr_carea' id='block_1_6' title="bbox 2929 4008 3401 4088">
    <p class='ocr_par' dir='ltr' id='par_1_8' title="bbox 2929 4008 3401 4088">
     <span class='ocr_line' id='line_1_38' title="bbox 2929 4008 3401 4088; baseline -0.013 -2"><span class='ocrx_word' id='word_1_375' title='bbox 2929 4008 3255 4088; x_wconf 68' lang='lat' dir='ltr'>factum</span> <span class='ocrx_word' id='word_1_376' title='bbox 3390 4031 3401 4036; x_wconf 83' lang='lat'><em>·</em></span> 
     </span>
    </p>
   </div>
  </div>
 </body>
</html>
